<?xml version="1.0" encoding="UTF-8"?><collection xmlns="http://www.loc.gov/MARC21/slim"><record><leader>00481nam--2200169-u-4500</leader><controlfield tag="001">000054660</controlfield><controlfield tag="002">20161230</controlfield><controlfield tag="005">20161230201051</controlfield><controlfield tag="008">120511s1000------------r-----000-0-eng-d</controlfield><datafield ind1=" " ind2=" " tag="040"><subfield code="a">IFIN-HH</subfield></datafield><datafield ind1=" " ind2=" " tag="080"><subfield code="a">539.143/.144(043)</subfield></datafield><datafield ind1="1" ind2=" " tag="100"><subfield code="a">Van Rensbergen, Walter</subfield></datafield><datafield ind1="1" ind2="0" tag="245"><subfield code="a">H- as a member of the iso-electronic sequence</subfield><subfield code="b">Dissertation</subfield><subfield code="c">Walter van rensbergen</subfield></datafield><datafield ind1=" " ind2=" " tag="260"><subfield code="a">Utrecht</subfield><subfield code="b">Universiteit</subfield><subfield code="c">1970</subfield></datafield><datafield ind1=" " ind2=" " tag="300"><subfield code="a">75P</subfield></datafield><datafield ind1=" " ind2=" " tag="852"><subfield code="a">74110</subfield><subfield code="c">539.143.43</subfield></datafield><datafield ind1=" " ind2=" " tag="CAT"><subfield code="a">Sys</subfield><subfield code="c">20120511</subfield><subfield code="h">175931</subfield></datafield></record></collection>